@misc{Ken, 
title={História da Linguagem C}, year={2013},
author = {Ken Thompson},
url={https://pt.wikipedia.org/wiki/C_(linguagem_de_programação)},
publisher ={Wikipedia}}

@misc{Casavella, 
title={Intellectuale},
url={http://linguagemc.com.br/estruturas-de-decisao-encadeadas-if-else-if-else/},
author = {Eduardo Casavella}}
}
@phdthesis{cardoso2018estudo,
  title={Um estudo sobre a defini{\c{c}}ao de estrat{\'e}gias para o jogo de blackjack usando t{\'e}cnicas de aprendizagem de m{\'a}quina e sistemas fuzzy},
  author={CARDOSO, KARLA RAPHAELA},
  year={2018},
  school={Master’s thesis, Associa{\c{c}}ao ampla entre a Universidade do Estado do Rio~…}
}
@inbook{wiki,
   publisher = "Wikimedia",
   title = "Blackjack",
   booktitle = "Wikip\'edia: a enciclop\'edia livre",
   year = "2020",
   url = "\url{https://pt.wikipedia.org/wiki/Blackjack}",
   urlaccessdate = "3 julho 2020"
 }
 @article{silva,
  title={Linguagem C},
  author={Silva, Renato A and Programando Microcontrolador, PIC},
  journal={S{\~a}o Paulo: Ensino Profissional},
  year={2006}
}
@inbook{Info,
   publisher = "Infopédia",
   title = "lei dos grandes números",
   booktitle = "Porto Editora – lei dos grandes números na Infopédia",
   year = "2022",
   url = "\url{https://www.infopedia.pt/$lei-dos-grandes-numeros}",
   urlaccessdate = "2022-01-16 19:58:07"
 }
 @inbook{paper,
   publisher = "Pedro Oliveira",
   title = "Probabilidade de um Royal Flush",
   year = "2020",
}
@inbook{manual,
   publisher = "Marcelo Otone Aguiar & Rodrigo Freitas Silva",
   title = "Introdução ao C em 10 aulas",
   year = "2016",
}

@inbook{blackcapa, 
title={Cinco coisas a considerar antes de jogar blackjack},
url={https://blog.bodog.com/wp-content/uploads/2021/12/jugar-blackjack.jpg},
author = {bodogblog}}
}

@inbook{rules, 
title={Blackjack},
url={https://en.wikipedia.org/wiki/Blackjack},
author = {wikipedia}}
}
