@misc{glisc,
	author={{Grey Literature International Steering Committee}},
	title={{GLISC}},
	month={oct},
	year={2014},
	note = "[Online; acedido em Outubro 2014]"
}


@misc{web:lang:stats,
   author = {Bootstrap},
   title = {Bootstrap},
   year = {2023},
   note = {Última vez accessado a 3 Junho de 2023},
   url = "\url{https://getbootstrap.com}",
 }

@misc{web:lang:stats,
   author = {Javatpoint},
   title = {Javatpoint},
   year = {2023},
   note = {Última vez accessado a 16 Junho de 2023},
   url = "\url{https://www.javatpoint.com}",
 }

@misc{web:lang:stats,
   author = {w3schools},
   title = {w3schools},
   year = {2023},
   note = {Última vez accessado a 8 Junho de 2023},
   url = "\url{https://www.w3schools.com}",
 }

@misc{web:lang:stats,
   author = {python},
   title = {python},
   year = {2023},
   note = {Última vez accessado a 12 Junho de 2023},
   url = "\url{https://www.python.org}",
 }